<?xml version="1.0" encoding="UTF-8"?><record xmlns="http://www.loc.gov/MARC21/slim" xmlns:cinclude="http://apache.org/cocoon/include/1.0" xmlns:zs="http://www.loc.gov/zing/srw/">
  <leader>00563cz  a2200157n  4500</leader>
  <controlfield tag="001">no 97079243 </controlfield>
  <controlfield tag="003">DLC</controlfield>
  <controlfield tag="005">20080104075003.0</controlfield>
  <controlfield tag="008">971223n| acannaabn          |n aaa     c</controlfield>
  <datafield tag="010" ind1=" " ind2=" ">
    <subfield code="a">no 97079243 </subfield>
  </datafield>
  <datafield tag="035" ind1=" " ind2=" ">
    <subfield code="a">(OCoLC)oca04565016</subfield>
  </datafield>
  <datafield tag="040" ind1=" " ind2=" ">
    <subfield code="a">OCoLC</subfield>
    <subfield code="b">eng</subfield>
    <subfield code="c">OCoLC</subfield>
    <subfield code="d">PPi-MA</subfield>
  </datafield>
  <datafield tag="100" ind1="1" ind2=" ">
    <subfield code="a">Bax, Arnold,</subfield>
    <subfield code="d">1883-1953.</subfield>
    <subfield code="t">Toccata,</subfield>
    <subfield code="m">piano</subfield>
  </datafield>
  <datafield tag="667" ind1=" " ind2=" ">
    <subfield code="a">Machine-derived authority record.</subfield>
  </datafield>
  <datafield tag="670" ind1=" " ind2=" ">
    <subfield code="a">LCCN 86-750182: Bax, A. Sonata no. 1 in F sharp minor ; Water music, p1983</subfield>
  </datafield>
  <datafield tag="670" ind1=" " ind2=" ">
    <subfield code="a">Parlett, G. A catalogue of the works of Sir Arnold Bax, 1999</subfield>
    <subfield code="b">(155, Toccata for piano, 1913)</subfield>
  </datafield>
</record>